@inproceedings{duchene2017making,
  title={Making {Multipath TCP} friendlier to load balancers and anycast},
  author={Duchene, Fabien and Bonaventure, Olivier},
  booktitle={2017 IEEE 25th International Conference on Network Protocols (ICNP)},
  pages={1--10},
  year={2017},
  organization={IEEE}
}