@article{keukeleire2020increasing,
  title={Increasing broadband reach with hybrid access networks},
  author={Keukeleire, Nicolas and Hesmans, Benjamin and Bonaventure, Olivier},
  journal={IEEE Communications Standards Magazine},
  volume={4},
  number={1},
  pages={43--49},
  year={2020},
  publisher={IEEE}
}

@inproceedings{gilad2020mpcc,
  title={MPCC: online learning multipath transport},
  author={Gilad, Tomer and Rozen-Schiff, Neta and Godfrey, P Brighten and Raiciu, Costin and Schapira, Michael},
  booktitle={Proceedings of the 16th International Conference on emerging Networking EXperiments and Technologies},
  pages={121--135},
  year={2020}
}