@article{aschenbrenner2021single,
  title={From Single Lane to Highways: Analyzing the Adoption of Multipath TCP in the Internet},
  author={Aschenbrenner, Florian and Shreedhar, Tanya and Gasser, Oliver and Mohan, Nitinder and Ott, J{\"o}rg},
  journal={arXiv preprint arXiv:2106.07351},
  year={2021}
}


@article{ding2021understanding,
  title={Understanding commercial 5G and its implications to (Multipath) TCP},
  author={Ding, Lan and Tian, Ye and Liu, Tong and Wei, Zhongxiang and Zhang, Xinming},
  journal={Computer Networks},
  volume={198},
  pages={108401},
  year={2021},
  publisher={Elsevier}
}